%% O Mendeley permite manter a bibliografia, anotar os PDF da recolha bibliográfica 
%% e sincronizar com ficheiros BibTeX

@Book{kn:Bel02-book,
  title = {Como realizar um projeto de investigação},
  author = {Bell, Judith},
  publisher = {Gradiva. Lisboa},
  year = {2002}
}

@techreport{kn:VKL+18-dtu,
  title = {{e-WindLidar: making wind lidar data FAIR}},
  author = {Vasiljevic, Nikola and Lopes, J. Correia and Gomes, Daniel},
  institution = {DTU, Denmark},
  doi = {10.5281/zenodo.2478051},
  year = {2018}
}

@article{kn:GLPR14-joPhysics,
  title = {{WindS@UP: The e-Science Platform for WindScanner.eu}},
  author = {Gomes, Filipe and Lopes, J. Correia and Palma, Jos{\'{e}} Laginha},
  doi = {10.1088/1742-6596/524/1/012006},
  issn = {17426596},
  journal = {Journal of Physics: Conference Series},
  number = {The Science of Making Torque from Wind 2014 (TORQUE 2014) 18–20 June 2014, Copenhagen, Denmark},
  publisher = {Poster presented at Torque2014: The Science of Making Torque From Wind, 2014 --- 17-20 June 2014 Technical University of Denmark, Lyngby, Copenhagen},
  volume = {524},
  pages = {012006},
  year = {2014}
}

@inproceedings{kn:MSS+12-wemep,
  title = {{WindScanner.eu --- a new Remote Sensing Research Infrastructure for On- and Offshore Wind Energy}},
  author = {Mikkelsen, Torben},
  booktitle = {Proceedings of the International Conference on Wind Energy: Materials, Engineering, and Policies (WEMEP-2012)},
  url = {www.windscanner.eu},
  year = {2012}
}

@inproceedings{kn:GLPC22-torque,
  title = {{\windspt{} e-Science platform for wind measurement campaigns}},
  author = {Gomes, D. and Lopes, J. Correia and Palma},
  booktitle = {TORQUE2022 (EAW's Science of Making Torque from Wind)},
  year = {2022}
}

@Misc{kn:Lip08,
  title = {Lorem Ipsum},
  author = {Lipsum},
  url = {http://www.lipsum.com/}, 
  urldate = {2023-11-15},
  year = {2023}
}

%% exemplo de fonte da imagem
@Misc{kn:figura,
  title = {{Faculdade de Engenharia celebra 20 anos no Polo da Asprela}},
  author = {{Espaço de Arquitetura}},
  howpublished = {Disponível em \url{https://espacodearquitetura.com/noticias/faculdade-de-engenharia-celebra-20-anos-no-polo-da-asprela/}},
  year = {2020}
}

%% exemplo de fonte dos dados da tabela
@Misc{kn:feup,
  title = {{FEUP} em Números 2023},
  author = {FEUP},
  howpublished = {Disponível em \url{https://sigarra.up.pt/feup/pt/web_base.gera_pagina?p_pagina=258031}},
  year = {2023}
}

%% example of MsC dissertation
@mastersthesis{ornelas2016,
  title={Platform for monitoring and treat depression},
  author={Jos{\'e} Pedro Alves Ornelas},
  school={Universidade do Porto (Portugal)},
  year={2016}
}

@techreport{iso_19156_2011,
  title = {Geographic information -- Observations and measurements},
  author = {ISO},
  institution = {International Organization for Standardization},
  year = {2011},
  type = {standard},
  number = {ISO 19156:2011}
}