%% O Mendeley permite manter a bibliografia, anotar os PDF da recolha bibliográfica 
%% e sincronizar com ficheiros BibTeX

@Book{kn:Bel02-book,
title = {Como realizar um projeto de investigação},
author = {Bell, Judith},
publisher = {Gradiva. Lisboa},
year = {2002}
}

@techreport{kn:VKL+18-dtu,
title = {{e-WindLidar: making wind lidar data FAIR}},
author = {Vasiljevic, Nikola and Lopes, J. Correia and Gomes, Daniel},
institution = {DTU, Denmark},
doi = {10.5281/zenodo.2478051},
url = {https://doi.org/10.5281/zenodo.2478051},
year = {2018}
}

@article{kn:GLPR14-joPhysics,
title = {{WindS@UP: The e-Science Platform for WindScanner.eu}},
author = {Gomes, Filipe and Lopes, J. Correia and Palma, Jos{\'{e}} Laginha},
doi = {10.1088/1742-6596/524/1/012006},
issn = {17426596},
journal = {Journal of Physics: Conference Series},
number = {The Science of Making Torque from Wind 2014 (TORQUE 2014) 18–20 June 2014, Copenhagen, Denmark},
publisher = {Poster presented at Torque2014: The Science of Making Torque From Wind, 2014 --- 17-20 June 2014 Technical University of Denmark, Lyngby, Copenhagen},
volume = {524},
pages = {012006},
year = {2014}
}

@inproceedings{kn:MSS+12-wemep,
title = {{WindScanner.eu --- a new Remote Sensing Research Infrastructure for On- and Offshore Wind Energy}},
author = {Mikkelsen, Torben},
booktitle = {Proceedings of the International Conference on Wind Energy: Materials, Engineering, and Policies (WEMEP-2012)},
url = {www.windscanner.eu},
year = {2012}
}

@inproceedings{kn:GLPC22-torque,
title = {{\windspt{} e-Science platform for wind measurement campaigns}},
author = {Gomes, D. and Lopes, J. Correia and Palma},
booktitle = {TORQUE2022 (EAW's Science of Making Torque from Wind)},
year = {2022}
}

@Misc{kn:Lip08,
title = {Lorem Ipsum},
author = {Lipsum},
howpublished = {Available at \url{http://www.lipsum.com/}, Acedido a última vez em novembro de 2023},
year = {2023}
}
